<?xml version="1.0" encoding="utf-8"?>
<record xmlns="http://www.loc.gov/MARC21/slim" xmlns:xsi="http://www.w3.org/2001/XMLSchema-instance" xsi:schemaLocation="http://www.loc.gov/MARC21/slim http://www.loc.gov/standards/marcxml/schema/MARC21slim.xsd">
	<leader>     nam a22     Mi 4500</leader>
	<controlfield tag="001">b12429934</controlfield>
	<controlfield tag="003">LeBAU</controlfield>
	<controlfield tag="006">m        d        </controlfield>
	<controlfield tag="007">cr cn |||m|||a</controlfield>
	<controlfield tag="008">200626m19261929ua      o       0   ara d</controlfield>
	<datafield ind1=" " ind2=" " tag="040">
		<subfield code="a">ZYU</subfield>
		<subfield code="b">ara</subfield>
		<subfield code="e">rda</subfield>
		<subfield code="c">ZYU</subfield>
	</datafield>
	<datafield ind1="0" ind2="4" tag="082">
		<subfield code="a">349.297</subfield>
		<subfield code="2">20</subfield>
	</datafield>
	<datafield ind1="1" ind2=" " tag="100">
		<subfield code="6">880-01</subfield>
		<subfield code="a">Ibn Qudāmah, Muwaffaq al-Dīn ʻAbd Allāh ibn Aḥmad,</subfield>
		<subfield code="d">1147-1223.</subfield>
		<subfield code="e">author.</subfield>
		<subfield code="0">https://lccn.loc.gov/n83066615 ,</subfield>
	</datafield>
	<datafield ind1="1" ind2="3" tag="245">
		<subfield code="6">880-02</subfield>
		<subfield code="a">al-Mughnī /</subfield>
		<subfield code="c">ta’līf al-shaykh al-imām al-ʻallāmah muwaffiq al-Dīn Abī Muḥammad ʻAbd Allāh ibn Aḥmad ibn Muḥammad ibn Qudāmah, al-mutawaffá sanat 620 ʻalá mukhtaṣar Abī al-Qāsim ʻUmar ibn al-Ḥusayn ibn ʻAbd Allāh ibn Aḥmad al-Khiraqī, al-mutawaffá sanat 334 H. Wa-yalīh al-Sharḥ al-kabīr ʻalá matn al-Muqniʻ / ta’līf al-shaykh al-imām Shams al-Dīn Abī al-Faraj ʻAbd al-Raḥmān ibn al-shaykh al-ʻālim al-ʻāmil al-zāhid Abī ʻUmar Muḥammad ibn Aḥmad ibn Qudāmah al-Maqdisī, al-mutawaffá sanat 682, kilāhumā ʻalá madhhab imām al-aʼimmah Abī ʻAbd Allāh ibn Muḥammad ibn Ḥanbal al-Shībānī, maʻa bayān khilāf sāʼir al-aʼimmah wa-adillatihim ; ashrafa ʻalá taṣḥīḥihā wa-ʻallaqa ʻalayhā baʻḍ al-ḥawāshī al-mutammimah li-takhrīj aḥādīthihā wa-madārik al-madhāhib al-Sayyid Muḥammad Rashīd Riḍā, munshiʼ Majallat al-Manār.</subfield>
	</datafield>
	<datafield ind1=" " ind2=" " tag="250">
		<subfield code="6">880-03</subfield>
		<subfield code="a">al-Ṭabʻah al-ūlá.</subfield>
	</datafield>
	<datafield ind1=" " ind2="1" tag="264">
		<subfield code="6">880-04</subfield>
		<subfield code="a">Miṣr :</subfield>
		<subfield code="b">Maṭbaʻat al-Manār,</subfield>
		<subfield code="c">1345-1348 H., [1926-1929? M.]</subfield>
	</datafield>
	<datafield ind1=" " ind2=" " tag="300">
		<subfield code="6">880-05</subfield>
		<subfield code="a">online resource (12 volumes)</subfield>
	</datafield>
	<datafield ind1=" " ind2=" " tag="336">
		<subfield code="a">text</subfield>
		<subfield code="2">rdacontent</subfield>
	</datafield>
	<datafield ind1=" " ind2=" " tag="337">
		<subfield code="a">computer</subfield>
		<subfield code="2">rdamedia</subfield>
	</datafield>
	<datafield ind1=" " ind2=" " tag="338">
		<subfield code="a">online resource</subfield>
		<subfield code="2">rdacarrier</subfield>
	</datafield>
	<datafield ind1=" " ind2=" " tag="500">
		<subfield code="a">Part of the Arabic Collections Online (ACO) project, contributed by American University of Beirut's Jafet Memorial Library.</subfield>
	</datafield>
	<datafield ind1=" " ind2=" " tag="533">
		<subfield code="a">Electronic reproduction.</subfield>
		<subfield code="b">New York, N.Y. :</subfield>
		<subfield code="c">New York University,</subfield>
		<subfield code="d">2020.</subfield>
		<subfield code="5">NNU</subfield>
	</datafield>
	<datafield ind1="1" ind2="0" tag="600">
		<subfield code="6">880-06</subfield>
		<subfield code="a">Khiraqī, ʻUmar ibn al-Ḥusayn,</subfield>
		<subfield code="d">-945 or 946.</subfield>
		<subfield code="t">Mukhtaṣar.</subfield>
	</datafield>
	<datafield ind1="1" ind2="0" tag="600">
		<subfield code="6">880-07</subfield>
		<subfield code="a">Ibn Qudāmah, Muwaffaq al-Dīn ʻAbd Allāh ibn Aḥmad,</subfield>
		<subfield code="d">1147-1223.</subfield>
		<subfield code="t">Muqniʻ.</subfield>
	</datafield>
	<datafield ind1=" " ind2="0" tag="650">
		<subfield code="6">880-08</subfield>
		<subfield code="a">Islamic law</subfield>
		<subfield code="v">Early works to 1800.</subfield>
	</datafield>
	<datafield ind1=" " ind2="0" tag="650">
		<subfield code="6">880-09</subfield>
		<subfield code="a">Hanbalites</subfield>
		<subfield code="v">Early works to 1800.</subfield>
	</datafield>
	<datafield ind1="1" ind2="2" tag="700">
		<subfield code="6">880-10</subfield>
		<subfield code="a">Ibn Qudāmah, ʻAbd al-Raḥmān ibn Muḥammad,</subfield>
		<subfield code="d">1200 or 1201-1283 or 1284.</subfield>
		<subfield code="t">Sharḥ al-Kabīr.</subfield>
	</datafield>
	<datafield ind1="0" ind2=" " tag="700">
		<subfield code="6">880-11</subfield>
		<subfield code="a">Muḥammad Rashīd Riḍā.</subfield>
		<subfield code="e">compiler.</subfield>
		<subfield code="0">https://lccn.loc.gov/n50047625 ,</subfield>
	</datafield>
	<datafield ind1="2" ind2=" " tag="710">
		<subfield code="a">Jafet Memorial Library.</subfield>
	</datafield>
	<datafield ind1="0" ind2=" " tag="730">
		<subfield code="a">Arabic Collections Online.</subfield>
	</datafield>
	<datafield ind1="0" ind2="8" tag="775">
		<subfield code="6">880-12</subfield>
		<subfield code="i">has designation of edition</subfield>
		<subfield code="4">http://rdaregistry.info/Elements/m/P30133 :</subfield>
		<subfield code="a">Ibn Qudāmah, Muwaffaq al-Dīn ʻAbd Allāh ibn Aḥmad, 1147-1223.</subfield>
		<subfield code="t">Mughnī.</subfield>
		<subfield code="b">al-Ṭabʻah al-thāniyah.</subfield>
		<subfield code="d">Miṣr : Maṭbaʻat al-Manār, 1346-1347 H., [1927-1928? M.]</subfield>
		<subfield code="w">(LEAUB)b23632616</subfield>
	</datafield>
	<datafield ind1="0" ind2="8" tag="776">
		<subfield code="i">Print version:</subfield>
		<subfield code="a">Ibn Qudāmah, Muwaffaq al-Dīn ʻAbd Allāh ibn Aḥmad, 1147-1223. author. https://lccn.loc.gov/n83066615 ,</subfield>
		<subfield code="t">al-Mughnī</subfield>
		<subfield code="w">(LeBAU)b12429934</subfield>
	</datafield>
	<datafield ind1="4" ind2="0" tag="856">
		<subfield code="u">http://hdl.handle.net/2333.1/gtht7hcz</subfield>
	</datafield>
	<datafield ind1="1" ind2=" " tag="880">
		<subfield code="6">100-01</subfield>
		<subfield code="a">ابن قدامة، موفق الدين عبد الله بن احمد،</subfield>
		<subfield code="d">1147-1223،</subfield>
		<subfield code="0">https://lccn.loc.gov/n83066615 ,</subfield>
		<subfield code="e">مؤلف.</subfield>
		<subfield code="4">aut.</subfield>
	</datafield>
	<datafield ind1="1" ind2="2" tag="880">
		<subfield code="6">245-02</subfield>
		<subfield code="a">المغني /</subfield>
		<subfield code="c">تأليف الشيخ الإمام العلامة موفق الدين أبي محمد عبد الله بن أحمد بن محمد بن قدامة، المتوفى سنة 620 هـ على مختصر أبي القاسم عمر بن الحسين بن عبد الله بن أحمد الخرقي، المتوفى سنة 334 هـ. ويليه الشرح الكبير على متن المقنع / تأليف الشيخ الإمام العالم العامل شيخ الاسلام وقدوة الانام بقية السلف الكرام شمس الدين ابي الفرج عبد الرحمن بن الشيخ الامام العالم العامل الزاهد أبي عمر محمد بن أحمد ابن قدامة المقدسي، المتوفى سنة 682، كلاهما على مذهب امام الائمة ومحيي السنة أبي عبد الله أحمد بن محمد ابن حنبل الشيباني مع بيان خلاف سائر الائمة وأدلتهم ؛ أشرف على تصحيحها وعلق عليها بعض الحواشي المتممة لتخريج احاديثها ومدارك المذاهب السيد محمد رشيد رضا، منشئ مجلة المنار.</subfield>
	</datafield>
	<datafield ind1=" " ind2=" " tag="880">
		<subfield code="6">250-03</subfield>
		<subfield code="a">الطبعة الاولى.</subfield>
	</datafield>
	<datafield ind1=" " ind2="1" tag="880">
		<subfield code="6">264-04</subfield>
		<subfield code="a">مصر :</subfield>
		<subfield code="b">مطبعة المنار،</subfield>
		<subfield code="c">1345-1348هـ.، [1926-1929؟ م.]</subfield>
	</datafield>
	<datafield ind1=" " ind2=" " tag="880">
		<subfield code="6">300-05</subfield>
		<subfield code="a">12 جزء ؛</subfield>
		<subfield code="c">28 سم</subfield>
	</datafield>
	<datafield ind1=" " ind2=" " tag="880">
		<subfield code="6">500-00</subfield>
		<subfield code="a">&quot;تنبيه: وضعنا كتاب المغني في اعلى الصحائف والشرح الكبير في أدناها مفصولاً بينهما بخط عرضي.&quot;</subfield>
	</datafield>
	<datafield ind1=" " ind2=" " tag="880">
		<subfield code="6">588-00</subfield>
		<subfield code="a">الوصف يستند الى الجزء الثاني.</subfield>
	</datafield>
	<datafield ind1=" " ind2=" " tag="880">
		<subfield code="6">590-00</subfield>
		<subfield code="a">في المكتبة: الاجزاء 2،3، 5-12.</subfield>
	</datafield>
	<datafield ind1="1" ind2="4" tag="880">
		<subfield code="6">600-06</subfield>
		<subfield code="a">الخرقي، عمر بن الحسين،</subfield>
		<subfield code="d">-945 او 946.</subfield>
		<subfield code="t">المختصر.</subfield>
	</datafield>
	<datafield ind1="1" ind2="4" tag="880">
		<subfield code="6">600-07</subfield>
		<subfield code="a">ابن قدامة، موفق الدين عبد الله بن احمد،</subfield>
		<subfield code="d">1147-1223.</subfield>
		<subfield code="t">المقنع.</subfield>
	</datafield>
	<datafield ind1=" " ind2="4" tag="880">
		<subfield code="6">650-08</subfield>
		<subfield code="a">الفقه الاسلامي</subfield>
		<subfield code="v">اعمال قديمة حتى 1800.</subfield>
	</datafield>
	<datafield ind1=" " ind2="4" tag="880">
		<subfield code="6">650-09</subfield>
		<subfield code="a">المذهب الحنبلي</subfield>
		<subfield code="v">اعمال قديمة حتى 1800.</subfield>
	</datafield>
	<datafield ind1="1" ind2="2" tag="880">
		<subfield code="6">700-10</subfield>
		<subfield code="a">ابن قدامة، عبد الرحمن بن محمد،</subfield>
		<subfield code="d">1200 او 1201-1283 او 1284.</subfield>
		<subfield code="t">الشرح الكبير.</subfield>
	</datafield>
	<datafield ind1="0" ind2=" " tag="880">
		<subfield code="6">700-11</subfield>
		<subfield code="a">محمد رشيد رضا،</subfield>
		<subfield code="0">https://lccn.loc.gov/n50047625 ,</subfield>
		<subfield code="e">معد.</subfield>
		<subfield code="4">com.</subfield>
	</datafield>
	<datafield ind1="0" ind2="8" tag="880">
		<subfield code="6">775-12</subfield>
		<subfield code="i">دلالة على الطبعة</subfield>
		<subfield code="4">http://rdaregistry.info/Elements/m/P30133 :</subfield>
		<subfield code="a">ابن قدامة المقدسي، ابو محمد عبد الله بن احمد، 1147-1223.</subfield>
		<subfield code="t">المغني.</subfield>
		<subfield code="b">الطبعة الثانية.</subfield>
		<subfield code="d">مصر : مطبعة المنار، 1346-1347 هـ.، [1927-1928؟ م.]</subfield>
		<subfield code="w">(LEAUB)b23632616</subfield>
	</datafield>
	<datafield ind1=" " ind2=" " tag="959">
		<subfield code="a">NNU</subfield>
		<subfield code="b">WEB</subfield>
		<subfield code="c">GENI</subfield>
		<subfield code="t">0</subfield>
		<subfield code="m">Electronic access</subfield>
		<subfield code="s">01</subfield>
	</datafield>
	<datafield ind1=" " ind2=" " tag="999">
		<subfield code="i">LeBAU_b12429934</subfield>
		<subfield code="s">aub_aco003829:v.2</subfield>
		<subfield code="s">aub_aco003830:v.3</subfield>
		<subfield code="s">aub_aco003832:v.5</subfield>
		<subfield code="s">aub_aco003833:v.6</subfield>
		<subfield code="s">aub_aco003834:v.7</subfield>
		<subfield code="s">aub_aco003835:v.8</subfield>
		<subfield code="s">aub_aco003836:v.9</subfield>
		<subfield code="s">aub_aco003837:v.10</subfield>
		<subfield code="s">aub_aco003838:v.11</subfield>
		<subfield code="s">aub_aco003839:v.12</subfield>
		<subfield code="e">(ERROR-MISC)</subfield>
		<subfield code="s">aub_aco003829:v.2</subfield>
		<subfield code="s">aub_aco003830:v.3</subfield>
		<subfield code="s">aub_aco003832:v.5</subfield>
		<subfield code="s">aub_aco003833:v.6</subfield>
		<subfield code="s">aub_aco003834:v.7</subfield>
		<subfield code="s">aub_aco003835:v.8</subfield>
		<subfield code="s">aub_aco003836:v.9</subfield>
		<subfield code="s">aub_aco003837:v.10</subfield>
		<subfield code="s">aub_aco003838:v.11</subfield>
		<subfield code="s">aub_aco003839:v.12</subfield>
	</datafield>
</record>
